@misc{Eppstein2013a,
author = {Eppstein, Christopher M.},
keywords = {literatuurstudie},
mendeley-tags = {literatuurstudie},
title = {{Compass}},
url = {http://compass-style.org/},
urldate = {28/01/2013},
year = {2013}
}
@misc{Eppstein2013,
author = {Eppstein, Hampton Catlin \& Nathan Weizenbaum \& Chris},
keywords = {literatuurstudie},
mendeley-tags = {literatuurstudie},
title = {{SASS}},
url = {http://sass-lang.com/},
urldate = {28/01/2013},
year = {2013}
}
@book{JohnEClark2012,
author = {{John E Clark}, Bryan P. Johnson},
file = {:home/sander/Dropbox/Thesis12/handleidingen/SenchaTouchMobileJavaScriptFrameworkChapter1LetsBeginwithSe.pdf:pdf},
isbn = {9781849515108},
keywords = {literatuurstudie},
mendeley-tags = {literatuurstudie},
pages = {316},
publisher = {Packt Publishing},
title = {{Sencha Touch Mobile JavaScript Framework}},
url = {http://tech.safaribooksonline.de/book/-/9781849515108},
year = {2012}
}
@misc{Modernizr2012,
author = {Modernizr},
keywords = {literatuurstudie},
mendeley-tags = {literatuurstudie},
title = {{Modernizr: the feature detection library for HTML5/CSS3}},
url = {http://www.modernizr.com},
year = {2012}
}
@misc{Inc.2013a,
author = {{Sencha Inc.}},
keywords = {literatuurstudie},
mendeley-tags = {literatuurstudie},
title = {{Sencha Touch Documentatie}},
url = {http://docs.sencha.com/touch/2-1/},
urldate = {28/01/2013},
year = {2013}
}
@misc{Inc.2013,
author = {{Sencha Inc.}},
keywords = {literatuurstudie},
mendeley-tags = {literatuurstudie},
title = {{Sencha Touch Kitchen Sink}},
url = {http://dev.sencha.com/deploy/touch/examples/production/kitchensink/},
year = {2013}
}
@misc{SenchaInc.2013,
author = {{Sencha Inc.}},
keywords = {literatuurstudie},
mendeley-tags = {literatuurstudie},
title = {{What's New in Sencha Touch 2.0}},
url = {http://docs.sencha.com/touch/2-0/\#!/guide/whats\_new},
urldate = {28/01/2013},
year = {2013}
}
@misc{Inc.,
author = {{Sencha Inc.}},
keywords = {literatuurstudie},
mendeley-tags = {literatuurstudie},
title = {{Sencha}},
url = {http://www.sencha.com/},
urldate = {28/01/2013},
year = {2013}
}
@misc{SenchaInc.,
author = {{Sencha Inc.}},
keywords = {artikel},
mendeley-tags = {artikel},
title = {{Sencha Touch Licenses}},
url = {http://www.sencha.com/products/touch/license/},
urldate = {18/02/2013}
}
@misc{Wokke2013,
author = {Wokke, Arnoud},
booktitle = {Tweakers.net B.V.},
keywords = {artikel},
mendeley-tags = {artikel},
title = {{Opera wordt Chromium-browser met Webkit-engine}},
url = {http://tweakers.net/nieuws/87255/opera-wordt-chromium-browser-met-webkit-engine.html},
urldate = {18/02/2013},
year = {2013}
}
