@misc{Ayuso2012,
author = {Ayuso, Alejandro},
booktitle = {Monocaffe},
keywords = {vergelijking},
title = {{Mobile Frameworks Comparison}},
url = {http://monocaffe.blogspot.be/2012/06/mobile-frameworks-comparison.html},
urldate = {19/02/2013},
year = {2012}
}
@misc{Bristowe2012,
author = {Bristowe, John},
keywords = {vergelijking},
title = {{jQuery UI vs Kendo UI}},
url = {http://jqueryuivskendoui.com/},
urldate = {19/02/2013},
year = {2012}
}
@misc{Burris,
author = {Burris, Chip},
keywords = {vergelijking},
mendeley-tags = {vergelijking},
title = {{Sencha Touch vs. JQuery Mobile Cage-Fight REMATCH !}},
url = {http://stvjqm.mobivant.com/presentations/svj/},
urldate = {19/02/2013}
}
@article{Few2005,
author = {Few, Stephen},
file = {:home/sander/School/Thesis/radar\_graphs.pdf:pdf},
keywords = {Stephen Few, Perceptual Edge, data visualization, },
number = {May},
pages = {1--5},
title = {{Keep Radar Graphs Below the Radar - Far Below}},
year = {2005}
}
@misc{Lennon2010,
author = {Lennon, Joe},
file = {:home/sander/.local/share/data/Mendeley Ltd./Mendeley Desktop/Downloaded/Lennon - 2010 - Compare JavaScript frameworks. An overview of the frameworks that greatly enhance JavaScript.pdf:pdf},
title = {{Compare JavaScript frameworks. An overview of the frameworks that greatly enhance JavaScript}},
url = {http://public.dhe.ibm.com/software/dw/web/wa-jsframeworks/wa-jsframeworks-pdf.pdf},
urldate = {06/01/2013},
year = {2010}
}
@misc{Morgan2011,
author = {Morgan, Jeffrey},
keywords = {vergelijking},
title = {{How to Measure Website Performance with Three Free Tools}},
url = {http://usabilityetc.com/2011/08/measure-website-performance-with-free-tools/},
urldate = {19/02/2013},
year = {2011}
}
@misc{Rozynski2011,
author = {Rozynski, Craig},
booktitle = {Dinosaurs with Laserz},
keywords = {vergelijking},
title = {{Mobile framework SMACKDOWN!}},
url = {http://dinosaurswithlaserz.com/2011/03/28/mobile-framework-throwdown/},
year = {2011}
}
@misc{Sarrafi2012a,
author = {Sarrafi, Ali},
booktitle = {Codefessions},
keywords = {vergelijking},
title = {{Mobile JavaScript frameworks, Evaluation and Comparison}},
url = {http://www.codefessions.com/2012/04/mobile-javascript-frameworks-evaluation.html},
urldate = {19/02/2013},
year = {2012}
}
@misc{Falk2011,
author = {Falk, Markus},
keywords = {literatuurstudie},
mendeley-tags = {literatuurstudie},
title = {{Mobile Framework Comparison Chart}},
url = {http://www.markus-falk.com/mobile-frameworks-comparison-chart/},
urldate = {28/01/2013},
year = {2011}
}
