@article{Accenture2012,
author = {Accenture},
file = {::},
title = {{The Path to Cross-Platform Mobile Development}},
year = {2012}
}
