@misc{Android2013a,
author = {Android},
title = {{Permissions}},
url = {http://developer.android.com/guide/topics/security/permissions.html},
urldate = {16/05/2013},
year = {2013}
}
@misc{Lungo2013,
author = {TapQuo},
title = {{Lungo Reference}},
url = {http://lungo.tapquo.com/howto/prototype/},
urldate = {14/05/2013},
year = {2013}
}
@misc{Smith2013,
author = {Smith, David},
title = {{iOS Version Stats}},
url = {http://david-smith.org/iosversionstats/},
urldate = {12/05/2013},
year = {2013}
}
@misc{TapQuo2013a,
author = {TapQuo},
title = {{TapQuo}},
url = {http://www.tapquo.com/},
urldate = {15/04/2013},
year = {2013}
}
@misc{Google2012,
author = {Google},
keywords = {vergelijking},
publisher = {Google},
title = {{Google Page Speed}},
url = {https://developers.google.com/speed/pagespeed?hl=nl},
year = {2012}
}
@misc{Jobs2010,
author = {Jobs, Steve},
keywords = {literatuurstudie},
mendeley-tags = {literatuurstudie},
title = {{Thoughts on Flash}},
url = {http://www.apple.com/hotnews/thoughts-on-flash/},
urldate = {30/12/2012},
year = {2010}
}
@misc{Sawers2012,
author = {Sawers, Paul},
keywords = {literatuurstudie},
mendeley-tags = {literatuurstudie},
title = {{Google announces Android 4.2, a “new flavor of Jelly Bean” with gesture typing and slick photo sphere camera}},
url = {http://thenextweb.com/google/2012/10/29/google-announces-android-4-2-for-nexus-a-new-flavor-of-jelly-bean-with-gesture-typing-multiple-users/},
urldate = {30/12/2012},
year = {2012}
}
@misc{JQuery2012b,
author = {JQuery},
keywords = {literatuurstudie},
mendeley-tags = {literatuurstudie},
title = {{jQuery Mobile: Demos and Documentation}},
url = {http://jquerymobile.com/demos/1.2.0/},
urldate = {22/02/2013},
year = {2012}
}
@misc{Dmethvin2012,
author = {Dmethvin},
keywords = {literatuurstudie},
mendeley-tags = {literatuurstudie},
title = {{jQuery Licensing Changes}},
url = {http://blog.jquery.com/2012/09/10/jquery-licensing-changes/},
urldate = {28/02/2013},
year = {2012}
}
@misc{Martti2007,
author = {Martti},
publisher = {Matlab Central},
title = {{Spider plot}},
url = {http://www.mathworks.com/matlabcentral/fileexchange/14875-spider-plot},
year = {2007}
}
@misc{TapQuo2013c,
author = {TapQuo},
title = {{QuoJS}},
url = {http://quojs.tapquo.com/},
urldate = {14/05/2013},
year = {2013}
}
@misc{TapQuo2011,
author = {TapQuo},
title = {{Initial commit v.1.0.0}},
url = {https://github.com/TapQuo/Lungo.js/commit/de5f4b86b02a719f9cf1049a1ec895f76c00cf0d},
urldate = {15/04/2013},
year = {2011}
}
@misc{Apple2010,
author = {Apple},
title = {{Apple Launches iPad}},
url = {http://www.apple.com/pr/library/2010/01/27Apple-Launches-iPad.html},
urldate = {27/02/2013},
year = {2010}
}
@misc{SenchaInc.,
author = {{Sencha Inc.}},
keywords = {artikel},
mendeley-tags = {artikel},
title = {{Sencha Touch Licenses}},
url = {http://www.sencha.com/products/touch/license/},
urldate = {18/02/2013}
}
@misc{Inc.2013a,
author = {{Sencha Inc.}},
keywords = {literatuurstudie},
mendeley-tags = {literatuurstudie},
title = {{Sencha Touch Documentatie}},
url = {http://docs.sencha.com/touch/2-1/},
urldate = {28/01/2013},
year = {2013}
}
@misc{Inc.2013,
author = {{Sencha Inc.}},
keywords = {literatuurstudie},
mendeley-tags = {literatuurstudie},
title = {{Sencha Touch Kitchen Sink}},
url = {http://dev.sencha.com/deploy/touch/examples/production/kitchensink/},
year = {2013}
}
@misc{Panacoda2012,
author = {Panacoda},
keywords = {literatuurstudie},
mendeley-tags = {literatuurstudie},
title = {{The-M-Project}},
url = {http://www.the-m-project.org},
urldate = {28/02/2013},
year = {2012}
}
@misc{JQuery2012c,
author = {JQuery},
keywords = {literatuurstudie},
mendeley-tags = {literatuurstudie},
title = {{ThemeRoller for jQuery Mobile}},
url = {http://jquerymobile.com/themeroller/},
urldate = {22/02/2013},
year = {2012}
}
@misc{Twitter2012,
author = {Twitter},
keywords = {literatuurstudie},
mendeley-tags = {literatuurstudie},
title = {{jQuery Mobile}},
url = {https://twitter.com/jquerymobile},
urldate = {28/02/2013},
year = {2012}
}
@misc{Aptana2012,
author = {Aptana},
keywords = {literatuurstudie},
mendeley-tags = {literatuurstudie},
title = {{Aptana Studio 3}},
url = {http://www.aptana.com},
urldate = {28/02/2013},
year = {2012}
}
@book{Hales2012,
author = {Hales, Wesley},
isbn = {978-1-4493-2051-5},
keywords = {literatuurstudie},
mendeley-tags = {literatuurstudie},
publisher = {O'Reilly Media, Inc.},
title = {{HTML5 and JavaScript Web Apps}},
year = {2012}
}
@misc{Google2012a,
author = {Google},
title = {{Google Trends}},
url = {https://www.google.com/trends/},
year = {2012}
}
@misc{Ameye2013,
author = {Ameye, Tim},
title = {{QuoJS validation}},
url = {https://twitter.com/miteyema/status/326326949519712256},
urldate = {4/05/2013},
year = {2013}
}
@misc{Falk2011,
author = {Falk, Markus},
keywords = {literatuurstudie},
mendeley-tags = {literatuurstudie},
title = {{Mobile Framework Comparison Chart}},
url = {http://www.markus-falk.com/mobile-frameworks-comparison-chart/},
urldate = {28/01/2013},
year = {2011}
}
@misc{Apple2010a,
author = {Apple},
title = {{App Store Review Guidelines}},
url = {http://stadium.weblogsinc.com/engadget/files/app-store-guidelines.pdf},
urldate = {16/05/2013},
year = {2010}
}
@misc{JQuery2013a,
author = {JQuery},
title = {{jQuery}},
url = {http://jquery.com/},
urldate = {14/05/2013},
year = {2013}
}
@misc{Telerikc,
author = {Telerik},
title = {{Kendo UI Web Theme Builder}},
url = {http://demos.kendoui.com/themebuilder/web.html}
}
@misc{Telerika,
author = {Telerik},
title = {{Kendo UI Dojo}},
url = {http://try.kendoui.com/}
}
@misc{Protalinski2012,
author = {Protalinski, Emil},
title = {{Android grabs 75.0\% market share in Q3, followed by 14.9\% for iOS and 4.3\% for BlackBerry}},
url = {http://thenextweb.com/mobile/2012/11/01/android-grabs-75-0-market-share-in-q3-followed-by-14-9-for-ios-and-4-3-for-blackberry/},
urldate = {28/02/2013},
year = {2012}
}
@misc{Sylvain2013,
author = {Sylvain},
title = {{iOS Version Statistics – February 14th 2013}},
url = {http://www.14oranges.com/2013/02/ios-version-statistics-–-february-14th-2013/},
urldate = {28/02/2013},
year = {2013}
}
@misc{Wikipedia,
author = {Wikipedia},
keywords = {literatuurstudie},
mendeley-tags = {literatuurstudie},
title = {{Comparison of JavaScript frameworks}},
url = {http://en.wikipedia.org/wiki/Comparison\_of\_JavaScript\_frameworks},
urldate = {28/01/2013},
year = {2013}
}
@misc{Inc.,
author = {{Sencha Inc.}},
keywords = {literatuurstudie},
mendeley-tags = {literatuurstudie},
title = {{Sencha}},
url = {http://www.sencha.com/},
urldate = {28/01/2013},
year = {2013}
}
@misc{GitHub2012,
author = {GitHub},
keywords = {literatuurstudie},
mendeley-tags = {literatuurstudie},
title = {{jQuery Mobile}},
url = {https://github.com/jquery/jquery-mobile},
urldate = {28/02/2013},
year = {2012}
}
@misc{Resig2010,
author = {Resig, John},
keywords = {literatuurstudie},
mendeley-tags = {literatuurstudie},
title = {{Announcing the jQuery Mobile Project}},
url = {http://jquerymobile.com/blog/2010/08/11/announcing-the-jquery-mobile-project/},
urldate = {28/02/2013},
year = {2010}
}
@misc{Parker2011,
author = {Parker, Todd},
keywords = {literatuurstudie},
mendeley-tags = {literatuurstudie},
title = {{Announcing jQuery Mobile 1.0}},
url = {http://jquerymobile.com/blog/2011/11/16/announcing-jquery-mobile-1-0/},
urldate = {28/02/2013},
year = {2011}
}
@misc{ViljamiSalminen2012,
author = {{Viljami Salminen}},
title = {{File Upload Support on Mobile}},
url = {http://viljamis.com/blog/2012/file-upload-support-on-mobile/},
urldate = {20/05/2013},
year = {2012}
}
@misc{Krause2011,
author = {Krause},
booktitle = {www.sencha.com/forum},
title = {{Conditional fields validations}},
url = {http://www.sencha.com/forum/showthread.php?122680-Conditional-fields-validations},
urldate = {17/05/2013},
year = {2011}
}
@misc{Gal2010,
author = {Gal, Andreas},
publisher = {Mozilla},
title = {{PDF.JS}},
url = {http://mozilla.github.io/pdf.js/},
year = {2010}
}
@misc{Tcpdump2010,
author = {Tcpdump},
title = {{Tcpdump}},
url = {http://www.tcpdump.org/},
urldate = {17/05/2013},
year = {2010}
}
@techreport{Mobile2012,
address = {London},
author = {Mobile, Vision},
file = {::},
pages = {1--97},
title = {{Cross-platform developer tools 2012}},
year = {2012}
}
@misc{Parker2013b,
author = {Parker, Todd},
title = {{Announcing jQuery Mobile 1.3.1}},
url = {http://jquerymobile.com/blog/2013/04/10/announcing-jquery-mobile-1-3-1/},
urldate = {15/04/2013},
year = {2013}
}
@misc{Telerike,
author = {Telerik},
keywords = {raamwerken},
title = {{Kendo UI Website}},
url = {http://www.kendoui.com},
urldate = {13/04/2013},
year = {2013}
}
@misc{Jacobs2012,
author = {Jacobs, Ian},
title = {{HTML5 Definition Complete, W3C Moves to Interoperability Testing and Performance}},
url = {http://www.w3.org/2012/12/html5-cr},
urldate = {27/02/2013},
year = {2012}
}
@misc{Seitz2010,
author = {Seitz, Brian},
keywords = {literatuurstudie},
mendeley-tags = {literatuurstudie},
title = {{Windows Phone 7 Global Portfolio Unveiled in New York}},
url = {http://blogs.windows.com/windows\_phone/b/windowsphone/archive/2010/10/11/windows-phone-7-global-portfolio-unveiled-in-new-york.aspx},
urldate = {30/12/2012},
year = {2010}
}
@misc{Catone2008,
author = {Catone, Josh},
booktitle = {http://readwrite.com/},
title = {{GitHub: A Social Network for Programmers}},
url = {http://readwrite.com/2008/04/11/github\_a\_social\_network\_for\_programmers},
urldate = {14/05/2013},
year = {2008}
}
@misc{Microsoft2013,
author = {Microsoft},
title = {{Microsoft Silverlight}},
url = {http://www.microsoft.com/silverlight/},
urldate = {14/05/2013},
year = {2013}
}
@misc{Mysamplecode2012,
author = {Mysamplecode},
keywords = {vergelijking},
publisher = {mysamplecode.com},
title = {{Sencha Touch 2 Autocomplete AJAX}},
url = {http://www.mysamplecode.com/2012/11/sencha-touch-2-autocomplete-ajax.html},
year = {2012}
}
@misc{Sylvain2012,
author = {Sylvain},
keywords = {literatuurstudie},
mendeley-tags = {literatuurstudie},
title = {{iOS Version Statistics – November 14th 2012}},
url = {http://www.14oranges.com/2012/11/ios-version-statistics-\%E2\%80\%93-novembe-14th-2012/},
urldate = {28/02/2013},
year = {2012}
}
@misc{Adobe2013,
author = {Adobe},
title = {{Adobe Flash Player 11}},
url = {http://www.adobe.com/be\_nl/products/flashplayer.html},
urldate = {14/05/2013},
year = {2013}
}
@misc{Microsoft2000,
author = {Microsoft},
title = {{Tablet PC Brings the Simplicity of Pen and Paper to Computing}},
url = {http://www.microsoft.com/en-us/news/features/2000/nov00/11-13tabletpc.aspx},
urldate = {27/02/2013},
year = {2000}
}
@misc{Wokke2013,
author = {Wokke, Arnoud},
booktitle = {Tweakers.net B.V.},
keywords = {artikel},
mendeley-tags = {artikel},
title = {{Opera wordt Chromium-browser met Webkit-engine}},
url = {http://tweakers.net/nieuws/87255/opera-wordt-chromium-browser-met-webkit-engine.html},
urldate = {18/02/2013},
year = {2013}
}
@misc{Sperry2012,
author = {Sperry, Ben and Lynch, Max},
keywords = {literatuurstudie},
mendeley-tags = {literatuurstudie},
title = {{Codiqa}},
url = {https://www.codiqa.com},
urldate = {28/02/2013},
year = {2012}
}
@techreport{Phifer2011,
author = {Phifer, Gene and Smith, David Mitchell},
institution = {Gartner},
keywords = {literatuurstudie},
mendeley-tags = {literatuurstudie},
title = {{The (Not So) Future Web}},
year = {2011}
}
@article{Jadhav2009,
author = {Jadhav, Anil S. and Sonar, Rajendra M.},
doi = {10.1016/j.infsof.2008.09.003},
file = {:Users/Tim/Library/Application Support/Mendeley Desktop/Downloaded/Jadhav, Sonar - 2009 - Evaluating and selecting software packages A review.pdf:pdf},
issn = {09505849},
journal = {Information and Software Technology},
month = mar,
number = {3},
pages = {555--563},
publisher = {Elsevier B.V.},
title = {{Evaluating and selecting software packages: A review}},
url = {http://linkinghub.elsevier.com/retrieve/pii/S0950584908001262},
volume = {51},
year = {2009}
}
@misc{Parker2013,
author = {Parker, Todd},
title = {{jQuery Mobile Team Meeting February 14, 2013}},
url = {http://jquery.org/updates/2013/02/14/status-update-145/},
urldate = {18/02/2013},
year = {2013}
}
@misc{Kool2012,
author = {Kool, Martin},
keywords = {literatuurstudie},
mendeley-tags = {literatuurstudie},
title = {{Let’s Play With Hardware-Accelerated CSS}},
url = {http://mobile.smashingmagazine.com/2012/06/21/play-with-hardware-accelerated-css/},
urldate = {28/02/2013},
year = {2012}
}
@misc{Parker2012,
author = {Parker, Todd},
keywords = {literatuurstudie},
mendeley-tags = {literatuurstudie},
title = {{Announcing jQuery Mobile 1.2.0 Final}},
url = {http://jquerymobile.com/blog/2012/10/02/announcing-jquery-mobile-1-2-0-final/},
urldate = {28/02/2013},
year = {2012}
}
@misc{NetApplications2012,
author = {NetApplications},
keywords = {literatuurstudie},
mendeley-tags = {literatuurstudie},
title = {{Mobile/Tablet Browser Market Share}},
url = {http://www.netmarketshare.com/browser-market-share.aspx?qprid=0\&qpcustomd=1},
urldate = {14/05/2013},
year = {2013}
}
@misc{Kaneda2013,
author = {Kaneda, David},
title = {{9-Bits by David Kaneda}},
url = {http://www.9-bits.com/},
urldate = {15/04/2013},
year = {2013}
}
@misc{TapQuo2013,
author = {TapQuo},
title = {{Lungo}},
url = {http://lungo.tapquo.com/},
urldate = {15/04/2013},
year = {2013}
}
@misc{Parker2013a,
author = {Parker, Todd},
title = {{jQuery Mobile 1.3.0 Released}},
url = {http://jquerymobile.com/blog/2013/02/20/jquery-mobile-1-3-0-released/},
urldate = {23/02/2013},
year = {2013}
}
@misc{JQuery2012d,
author = {JQuery},
keywords = {literatuurstudie},
mendeley-tags = {literatuurstudie},
title = {{Mobile Graded Browser Support}},
url = {http://jquerymobile.com/gbs/},
urldate = {28/02/2013},
year = {2012}
}
@misc{JetBrains2012,
author = {JetBrains},
keywords = {literatuurstudie},
mendeley-tags = {literatuurstudie},
title = {{PhpStorm}},
url = {http://www.jetbrains.com/phpstorm/},
urldate = {17/05/2013},
year = {2012}
}
@book{David2011,
author = {David, Matthew},
isbn = {978-0-240-81813-9},
keywords = {literatuurstudie},
mendeley-tags = {literatuurstudie},
publisher = {Focal Press},
title = {{HTML5 Mobile Websites: Turbocharging HTML5 with jQuery Mobile, Sencha Touch, and Other Frameworks}},
year = {2011}
}
@misc{Android2013b,
author = {Android},
title = {{Launch Checklist}},
url = {http://developer.android.com/distribute/googleplay/publish/preparing.html},
urldate = {16/05/2013},
year = {2013}
}
@misc{Scott2009,
author = {Scott},
title = {{jQuery Plugin for Requesting Ajax-like File Downloads}},
url = {http://www.filamentgroup.com/lab/jquery\_plugin\_for\_requesting\_ajax\_like\_file\_downloads/},
urldate = {4/05/2013},
year = {2009}
}
@misc{TapQuo2013b,
author = {TapQuo},
title = {{Lungo thirdparties}},
url = {github.com/TapQuo/lungo.thirdparties},
urldate = {4/05/2013},
year = {2013}
}
@misc{JQT2013,
author = {{David Kaneda}},
title = {{jQT}},
url = {http://jqtjs.com/},
urldate = {15/04/2013},
year = {2013}
}
@book{Kosmaczewski2012,
author = {Kosmaczewski, Adrian},
file = {::},
keywords = {vergelijking},
pages = {231},
publisher = {O’Reilly Media},
title = {{Mobile JavaScript Application Development}},
year = {2012}
}
@misc{GCF2013,
author = {GCF},
title = {{What is a Mobile Device?}},
url = {http://www.gcflearnfree.org/computerbasics/9/print},
urldate = {27/02/2013},
year = {2013}
}
@misc{Lieberman2010,
author = {Lieberman, David},
keywords = {literatuurstudie},
mendeley-tags = {literatuurstudie},
title = {{Microsoft's Windows Phone 7 to replace Windows Mobile}},
url = {http://usatoday30.usatoday.com/tech/wireless/2010-10-11-windows-phone-7\_N.htm},
urldate = {30/12/2012},
year = {2010}
}
@misc{Reed2012,
author = {Reed, Brad},
keywords = {literatuurstudie},
mendeley-tags = {literatuurstudie},
title = {{Microsoft show off new key Windows Phone 8 features}},
url = {http://bgr.com/2012/10/29/microsoft-windows-phone-8-announcement/},
urldate = {30/12/2012},
year = {2012}
}
@misc{Hegaret2004,
author = {H\'{e}garet, Philippe Le and Wood, Lauren and Robie, Jonathan},
keywords = {literatuurstudie},
mendeley-tags = {literatuurstudie},
title = {{What is the Document Object Model?}},
url = {http://www.w3.org/TR/DOM-Level-3-Core/introduction.html},
urldate = {28/02/2013},
year = {2004}
}
@misc{Hens2012,
author = {Hens, Joris},
keywords = {literatuurstudie},
mendeley-tags = {literatuurstudie},
title = {{Progressive Enhancement versus Graceful Degradation}},
url = {http://www.goodbytes.be/blog/article/progressive-enhancement-versus-graceful-degradation},
urldate = {28/02/2013},
year = {2012}
}
@misc{Parker2012a,
author = {Parker, Todd},
keywords = {literatuurstudie},
mendeley-tags = {literatuurstudie},
title = {{jQuery Mobile Team Meeting December 20, 2012}},
url = {http://jquery.org/updates/2012/12/20/status-update-128/},
urldate = {28/02/2013},
year = {2012}
}
@book{McFarland2011,
author = {McFarland, David Sawyer},
isbn = {978-1-4493-9902-3},
keywords = {literatuurstudie},
mendeley-tags = {literatuurstudie},
publisher = {O'Reilly Media, Inc.},
title = {{JavaScript \& jQuery: The Missing Manual, Second Edition}},
year = {2011}
}
@book{Broulik2012,
author = {Broulik, Brad},
isbn = {978-1-4302-3966-6},
keywords = {literatuurstudie},
mendeley-tags = {literatuurstudie},
publisher = {Apress},
title = {{Pro jQuery Mobile}},
year = {2012}
}
@article{Accenture2012,
author = {Accenture},
file = {:Users/Tim/Library/Application Support/Mendeley Desktop/Downloaded/Accenture - 2012 - HTML5 The Path to Cross-Platform Mobile Development.pdf:pdf},
keywords = {literatuurstudie},
mendeley-tags = {literatuurstudie},
title = {{HTML5: The Path to Cross-Platform Mobile Development}},
year = {2012}
}
@misc{Gideon2010,
author = {Gideon, Tim},
booktitle = {pcmag.com},
title = {{Samsung Galaxy Tablet Coming in September}},
url = {http://www.pcmag.com/article2/0,2817,2368214,00.asp},
urldate = {15/05/2013},
year = {2010}
}
@misc{Firtman2013a,
author = {Firtman, Maximiliano},
title = {{Mobile HTML5 - compatibility on iPhone, Android, Windows Phone, BlackBerry, Symbian and other mobile and tablet devices}},
url = {http://mobilehtml5.org/},
urldate = {14/05/2013},
year = {2013}
}
@misc{Dery2013,
author = {D\'{e}ry, Jean-Philippe},
title = {{Moobile}},
url = {http://moobilejs.com/},
urldate = {15/04/2013},
year = {2013}
}
@misc{Satyesh2012,
author = {Satyesh},
keywords = {literatuurstudie},
mendeley-tags = {literatuurstudie},
title = {{Android Versions History}},
url = {http://androidtrickz.com/android-tips/android-versions-history/489/},
urldate = {30/12/2012},
year = {2012}
}
@misc{JQuery2012a,
author = {JQuery},
keywords = {literatuurstudie},
mendeley-tags = {literatuurstudie},
title = {{jQuery Mobile}},
url = {http://www.jquerymobile.com},
urldate = {22/02/2013},
year = {2012}
}
@misc{JQuery2012,
author = {JQuery},
keywords = {literatuurstudie},
mendeley-tags = {literatuurstudie},
title = {{jQuery Project}},
url = {http://www.jquery.org},
urldate = {28/02/2013},
year = {2012}
}
@misc{Modernizr2012,
author = {Modernizr},
keywords = {literatuurstudie},
mendeley-tags = {literatuurstudie},
title = {{Modernizr: the feature detection library for HTML5/CSS3}},
url = {http://www.modernizr.com},
urldate = {28/02/2013},
year = {2012}
}
@misc{Backbone2013,
author = {Backbone},
title = {{Backbone}},
url = {http://backbonejs.org/},
urldate = {19/05/2013},
year = {2013}
}
@misc{Android2013,
author = {Android},
title = {{Platform Versions}},
url = {http://developer.android.com/about/dashboards/index.html},
urldate = {12/05/2013},
year = {2013}
}
@misc{Sights2012,
author = {Sights},
keywords = {literatuurstudie},
mendeley-tags = {literatuurstudie},
title = {{The HTML5 test}},
url = {http://html5test.com/results/mobile.html},
urldate = {30/12/2012},
year = {2012}
}
@misc{Staff2009,
author = {Staff, CNET News},
booktitle = {news.cnet.com},
title = {{Live blog: iPhone 3G S launch day}},
url = {http://news.cnet.com/8301-13579\_3-10268140-37.html},
urldate = {15/05/2013},
year = {2009}
}
@misc{Sencha2012a,
author = {Sencha},
title = {{Sencha Architect}},
url = {http://www.sencha.com/products/architect/},
year = {2012}
}
@misc{SongL.bmcquadeMdsteele2010,
author = {lsong, bmcquade, Mdsteele, Aoates},
title = {{PCAP Web Performance Analyzer}},
url = {http://pcapperf.appspot.com/},
year = {2010}
}
@misc{Deveria2013c,
author = {Deveria, Alexis},
title = {{Can I Use}},
url = {http://caniuse.com/},
urldate = {14/05/2013},
year = {2013}
}
@misc{Miami2008,
author = {Miami, University},
title = {{Mobile phones: 1G 2G 3G 4G}},
url = {http://it.med.miami.edu/x1645.xml},
urldate = {14/05/2013},
year = {2008}
}
@misc{Lauwers2007,
author = {Lauwers, Yoeri},
title = {{Mobiel breedband nu en in de toekomst}},
type = {14/05/2013},
url = {http://tweakers.net/reviews/662/4/mobiel-breedband-nu-en-in-de-toekomst-hsdpa.html},
urldate = {14/05/2013},
year = {2007}
}
@misc{Yeoman2013,
author = {Yeoman},
title = {{Yeoman}},
url = {http://yeoman.io/},
urldate = {4/05/2013},
year = {2013}
}
@misc{Tajur2012,
author = {Tajur, Martin},
title = {{Sencha Touch 2 Autocomplete Textfield}},
url = {https://github.com/martintajur/sencha-touch-2-autocomplete-textfield},
year = {2012}
}
@misc{Sencha2012,
author = {Sencha},
title = {{Sencha Cmd}},
url = {http://www.sencha.com/products/sencha-cmd/download},
year = {2012}
}
@misc{JQTouch2010,
author = {JQT},
title = {{First commit}},
url = {https://github.com/senchalabs/jQTouch/commits/master?page=14},
urldate = {15/04/2013},
year = {2010}
}
@misc{Telerikd,
author = {Telerik},
keywords = {raamwerken},
title = {{Kendo UI Documentatie}},
url = {http://docs.kendoui.com/},
urldate = {12/04/2013},
year = {2013}
}
@misc{Telerikb,
author = {Telerik},
title = {{Kendo UI Mobile Theme Builder}},
url = {http://demos.kendoui.com/mobilethemebuilder/index.html}
}
@book{Firtman2013,
author = {Firtman, Maximiliano},
isbn = {978-1-4493-3497-0},
publisher = {O'Reilly Media, Inc.},
title = {{Programming the Mobile Web, 2nd Edition}},
year = {2013}
}
@misc{Smirnov2012,
author = {Smirnov, Constantine V.},
keywords = {vergelijking},
publisher = {1.0.2},
title = {{File-uploading-component-for-Sencha-Touch}},
url = {https://github.com/kostysh/File-uploading-component-for-Sencha-Touch},
year = {2012}
}
@misc{Gillett2012,
author = {Gillett, Frank},
title = {{Why Tablets Will Become Our Primary Computing Device}},
url = {http://blogs.forrester.com/frank\_gillett/12-04-23-why\_tablets\_will\_become\_our\_primary\_computing\_device},
urldate = {27/02/2013},
year = {2012}
}
@misc{Fiedler2012,
author = {Fiedler, Andr\'{e}},
keywords = {vergelijking},
title = {{Ext.ux.panel.PDF}},
url = {https://github.com/SunboX/st2\_pdf\_panel},
year = {2012}
}
@misc{Bristowe2012,
author = {Bristowe, John},
keywords = {vergelijking},
title = {{jQuery UI vs Kendo UI}},
url = {http://jqueryuivskendoui.com/},
urldate = {19/02/2013},
year = {2012}
}
@misc{Burris,
author = {Burris, Chip},
keywords = {vergelijking},
mendeley-tags = {vergelijking},
title = {{Sencha Touch vs. JQuery Mobile Cage-Fight REMATCH !}},
url = {http://stvjqm.mobivant.com/presentations/svj/},
urldate = {19/02/2013},
year = {2012}
}
@misc{JQ,
author = {JQ},
title = {{No Title}},
url = {http://jquery.org/updates/2013/02/14/status-update-145/},
urldate = {18/02/2013}
}
@article{Few2005,
author = {Few, Stephen},
file = {::},
keywords = {Stephen Few, Perceptual Edge, data visualization, },
number = {May},
pages = {1--5},
title = {{Keep Radar Graphs Below the Radar - Far Below}},
year = {2005}
}
@article{Few2005,
author = {Few, Stephen},
file = {::},
keywords = {Stephen Few, Perceptual Edge, data visualization, },
number = {May},
pages = {1--5},
title = {{Keep Radar Graphs Below the Radar - Far Below}},
year = {2005}
}
@techreport{Standard2010,
author = {Standard, International},
file = {::},
pages = {44},
title = {{ISO/IEC 25010}},
volume = {2010},
year = {2010}
}
@misc{SenchaInc.2013,
author = {{Sencha Inc.}},
keywords = {literatuurstudie},
mendeley-tags = {literatuurstudie},
title = {{What's New in Sencha Touch 2.0}},
url = {http://docs.sencha.com/touch/2-0/\#!/guide/whats\_new},
urldate = {28/01/2013},
year = {2013}
}
@misc{Lennon2010,
author = {Lennon, Joe},
file = {:Users/Tim/Library/Application Support/Mendeley Desktop/Downloaded/Lennon - 2010 - Compare JavaScript frameworks. An overview of the frameworks that greatly enhance JavaScript.pdf:pdf},
title = {{Compare JavaScript frameworks. An overview of the frameworks that greatly enhance JavaScript}},
url = {http://public.dhe.ibm.com/software/dw/web/wa-jsframeworks/wa-jsframeworks-pdf.pdf},
urldate = {06/01/2013},
year = {2010}
}
@book{Deitel2012,
author = {Deitel, Paul and Deitel, Harvey and Deitel, Abbey and Kern, Eric},
isbn = {978-0-13-276153-6},
keywords = {literatuurstudie},
mendeley-tags = {literatuurstudie},
publisher = {Prentice Hall},
title = {{iOS 6 for Programmers: An App-Driven Approach, Second Edition}},
year = {2012}
}
@misc{W3C2012,
author = {W3C},
keywords = {literatuurstudie},
mendeley-tags = {literatuurstudie},
title = {{HTML5 Logo}},
url = {http://www.w3.org/html/logo/},
urldate = {28/02/2013},
year = {2012}
}
@book{PhilDutson2012,
author = {{Phil Dutson}},
isbn = {9780132966245},
keywords = {literatuurstudie},
mendeley-tags = {literatuurstudie},
publisher = {Sams},
title = {{Sams Teach Yourself jQuery Mobile in 24 Hours}},
year = {2012}
}
@misc{Grady2013,
author = {Grady, Austin},
title = {{Introduction to Mobile Device Management}},
url = {http://www.bubblews.com/news/396878-introduction-to-mobile-device-management},
urldate = {16/05/2013},
year = {2013}
}
@misc{Sencha2012b,
author = {Sencha},
title = {{Sencha Animator}},
url = {http://www.sencha.com/products/animator/},
year = {2012}
}
@misc{Wimberly2008,
author = {Wimberly, Taylor},
booktitle = {androidandme.com},
title = {{Goodbye old Browser, Chrome to become the standard browser on Android 4.0 and above}},
url = {http://androidandme.com/2012/02/applications/goodbye-old-browser-chrome-to-become-the-standard-browser-on-android-4-0-and-above/},
urldate = {14/05/2013},
year = {2008}
}
@book{Bhandari2013,
author = {Nishanth, Nair and Bhandari, Ragini Kumbhat},
isbn = {978-1-78216-092-2},
pages = {300},
publisher = {Packt Publishing},
title = {{Building Mobile Applications with Kendo UI Mobile}},
url = {http://tech.safaribooksonline.de/book/-/9781782160922},
year = {2013}
}
@misc{SimFla2011,
author = {SimFla},
keywords = {vergelijking},
title = {{SimFla-signaturePad}},
url = {https://github.com/SimFla/SimFla-signaturePad},
year = {2011}
}
@misc{,
file = {:Users/Tim/Library/Application Support/Mendeley Desktop/Downloaded/b9292c690b4b4784a597c8757119deb9d30320ec.html:html},
title = {index @ caniuse.com}
}
@misc{Sarrafi2012a,
annote = {Online; accessed 19-July-2008},
author = {Sarrafi, Ali},
booktitle = {Codefessions},
keywords = {vergelijking},
title = {{Mobile JavaScript frameworks, Evaluation and Comparison}},
url = {http://www.codefessions.com/2012/04/mobile-javascript-frameworks-evaluation.html},
urldate = {19/02/2013},
year = {2012}
}
@misc{Eppstein2013a,
author = {Eppstein, Christopher M.},
keywords = {literatuurstudie},
mendeley-tags = {literatuurstudie},
title = {{Compass}},
url = {http://compass-style.org/},
urldate = {28/01/2013},
year = {2013}
}
@book{JohnEClark2012,
author = {Clark, John E and Johnson, Bryan P.},
file = {::},
isbn = {9781849515108},
keywords = {literatuurstudie},
mendeley-tags = {literatuurstudie},
pages = {316},
publisher = {Packt Publishing},
title = {{Sencha Touch Mobile JavaScript Framework}},
url = {http://tech.safaribooksonline.de/book/-/9781849515108},
year = {2012}
}
@misc{Gonzalez2012,
author = {Gonz\'{a}lez, Scott},
title = {{Web Storage Support Test}},
url = {http://dev-test.nemikor.com/web-storage/support-test/},
urldate = {26/02/2013},
year = {2012}
}
@misc{Apple2012,
author = {Apple},
title = {{Know iOS Resource Limits}},
url = {http://developer.apple.com/library/safari/\#documentation/AppleApplications/Reference/SafariWebContent/CreatingContentforSafarioniPhone/CreatingContentforSafarioniPhone.html\#//apple\_ref/doc/uid/TP40006482-SW15},
urldate = {26/02/2013},
year = {2012}
}
@misc{JQuery2013e,
author = {JQuery},
title = {{Going Responsive}},
url = {http://view.jquerymobile.com/1.3.0/docs/intro/rwd.php},
urldate = {25/02/2013},
year = {2013}
}
@misc{Berjon2012,
author = {Berjon, Robin and Leithead, Travis and Navara, Erika Doyle and O'Connor, Edward and Pfeiffer, Silvia},
title = {{HTML 5.1: Forms}},
url = {http://www.w3.org/html/wg/drafts/html/FPWD51/forms.html\#forms},
urldate = {25/02/2013},
year = {2012}
}
@misc{Sage2013,
author = {Sage, J.T.},
title = {{jQuery Mobile DateBox}},
url = {https://github.com/jtsage/jquery-mobile-datebox},
urldate = {25/02/2013},
year = {2013}
}
@misc{Mobiscroll2013,
author = {Mobiscroll},
title = {{Date \& Time Scroller}},
url = {http://mobiscroll.com/component/datetime},
urldate = {23/02/2013},
year = {2013}
}
@misc{JQuery2013d,
author = {JQuery},
title = {{Form reference}},
url = {http://view.jquerymobile.com/1.3.0/docs/widgets/forms/},
urldate = {23/02/2013},
year = {2013}
}
@misc{JQuery2013c,
author = {JQuery},
title = {{Autocomplete}},
url = {http://view.jquerymobile.com/1.3.0/docs/widgets/autocomplete/},
urldate = {23/02/2013},
year = {2013}
}
@misc{JQuery2013b,
author = {JQuery},
title = {{Header structure}},
url = {http://jquerymobile.com/demos/1.2.0/docs/toolbars/docs-headers.html},
urldate = {23/02/2013},
year = {2013}
}
@misc{Franck2012,
author = {Franck, Sven},
title = {{jQuery Mobile Multiview Plugin}},
url = {https://github.com/frequent/multiview/},
urldate = {22/02/2013},
year = {2012}
}
@misc{Yared2013,
author = {Yared, Peter and Raiser, Marc},
title = {{SimpleSplitView}},
url = {http://simplesplitview.sourceforge.net/},
urldate = {22/02/2013},
year = {2013}
}
@misc{Rahman2013,
author = {Rahman, Asyraf Abdul},
title = {{jQuery Mobile Splitview plugin}},
url = {https://github.com/asyraf9/jquerymobile-splitview},
urldate = {22/02/2013},
year = {2013}
}
@misc{Deering2012,
author = {Deering, Sam},
title = {{12+ jQuery Mobile Layout Plugins and Examples}},
url = {http://www.jquery4u.com/page-layout/12-jquery-mobile-layout-plugins-examples/},
urldate = {22/02/2013},
year = {2012}
}
@misc{Matthews2013,
author = {Matthews, Andy},
title = {{AutoComplete}},
url = {https://github.com/commadelimited/autoComplete.js},
urldate = {22/02/2013},
year = {2013}
}
@misc{Systems2013,
author = {Systems, Willow},
title = {{jSignature}},
url = {http://willowsystems.github.com/jSignature},
urldate = {22/02/2013},
year = {2013}
}
@misc{Bradley2013,
author = {Bradley, Thomas},
title = {{Signature Pad}},
url = {http://thomasjbradley.ca/lab/signature-pad/},
urldate = {22/02/2013},
year = {2013}
}
@misc{Zaefferer2013,
author = {Zaefferer, J\"{o}rn},
title = {{jQuery plugin: Validation}},
url = {http://bassistance.de/jquery-plugins/jquery-plugin-validation/},
urldate = {22/02/2013},
year = {2013}
}
@misc{JQuery2013,
author = {JQuery},
title = {{jQuery Mobile Docs - Forms}},
url = {http://jquerymobile.com/demos/1.2.0/docs/forms/docs-forms.html},
urldate = {22/02/2013},
year = {2013}
}
@misc{Laubach2013,
author = {Laubach, D.},
booktitle = {The-M-Blog},
keywords = {literatuurstudie},
title = {{The-M-Project 2013: What’s next?}},
url = {http://blog.the-m-project.org/2013/01/28/the-m-project-2013-whats-next/},
urldate = {8/04/2013},
year = {2013}
}
@misc{Ayuso2012,
author = {Ayuso, Alejandro},
booktitle = {Monocaffe},
keywords = {vergelijking},
title = {{Mobile Frameworks Comparison}},
url = {http://monocaffe.blogspot.be/2012/06/mobile-frameworks-comparison.html},
urldate = {19/02/2013},
year = {2012}
}
@misc{Microsoft2011,
author = {Microsoft},
keywords = {literatuurstudie},
mendeley-tags = {literatuurstudie},
title = {{Nokia and Microsoft Announce Plans for a Broad Strategic Partnership to Build a New Global Mobile Ecosystem}},
url = {https://www.microsoft.com/en-us/news/press/2011/feb11/02-11partnership.aspx},
urldate = {30/12/2012},
year = {2011}
}
@misc{Incross,
author = {Incross},
keywords = {literatuurstudie},
title = {{DaVinci}},
url = {http://www.davincisdk.com/},
urldate = {8/04/2013},
year = {2013}
}
@misc{Rozynski2011,
author = {Rozynski, Craig},
booktitle = {Dinosaurs with Laserz},
keywords = {vergelijking},
title = {{Mobile framework SMACKDOWN!}},
url = {http://dinosaurswithlaserz.com/2011/03/28/mobile-framework-throwdown/},
urldate = {28/02/2013},
year = {2011}
}
@misc{Eppstein2013,
author = {Eppstein, Hampton Catlin \& Nathan Weizenbaum \& Chris},
keywords = {literatuurstudie},
mendeley-tags = {literatuurstudie},
title = {{SASS}},
url = {http://sass-lang.com/},
urldate = {28/01/2013},
year = {2013}
}
@article{Hadlock2012,
author = {Hadlock, Kris},
file = {:Users/Tim/Library/Application Support/Mendeley Desktop/Downloaded/9cea359bba0b07dce1287ae358c185f1ac76baa6.pdf:pdf},
pages = {1--10},
title = {{Implement responsive design with jQuery Mobile and CSS3}},
year = {2012}
}
@misc{Thair2011,
author = {Thair, Stephen},
title = {{Measuring mobile performance}},
url = {http://www.slideshare.net/sthair/measuring-mobile-web-performance-v2},
urldate = {17/05/2013},
year = {2011}
}
@misc{Zimmy2011,
author = {Zimmy},
booktitle = {answers.yahoo.com},
title = {{Which band/artist has the most songs?}},
url = {http://answers.yahoo.com/question/index?qid=20110315195858AAAsqHA},
urldate = {14/05/2013},
year = {2011}
}
@misc{Nielsen1993,
author = {Nielsen, Jakob},
title = {{Response Times: The 3 Important Limits}},
url = {http://www.nngroup.com/articles/response-times-3-important-limits/},
urldate = {11/05/2013},
year = {1993}
}
@misc{Twitter2013,
author = {Twitter},
title = {{Twitter Bower}},
url = {https://github.com/twitter/bower},
urldate = {15/04/2013},
year = {2013}
}
@misc{Panacoda,
author = {Panacoda},
keywords = {literatuurstudie},
title = {{The M-Project}},
url = {http://www.the-m-project.org/},
urldate = {8/04/2013},
year = {2013}
}
@misc{Apple2013,
author = {Apple},
title = {{Apple Updates iOS to 6.1}},
url = {http://www.apple.com/pr/library/2013/01/28Apple-Updates-iOS-to-6-1.html},
urldate = {28/02/2013},
year = {2013}
}
@misc{Morgan2011,
author = {Morgan, Jeffrey},
keywords = {vergelijking},
title = {{How to Measure Website Performance with Three Free Tools}},
url = {http://usabilityetc.com/2011/08/measure-website-performance-with-free-tools/},
urldate = {19/02/2013},
year = {2011}
}
@misc{Yang2012,
author = {Yang, Jun},
keywords = {literatuurstudie},
mendeley-tags = {literatuurstudie},
title = {{Smartphones in Use Surpass 1 Billion, Will Double by 2015}},
url = {http://www.bloomberg.com/news/2012-10-17/smartphones-in-use-surpass-1-billion-will-double-by-2015.html},
urldate = {01/02/2013},
year = {2012}
}
@book{Oeflman2011,
author = {Oehlman, Damon and Blanc, S\'{e}bastien},
keywords = {literatuurstudie},
mendeley-tags = {literatuurstudie},
publisher = {Apress},
title = {{Pro Android Web Apps: Develop for Android using HTML5, CSS3 \& JavaScript}},
year = {2011}
}
@book{Weyl2011,
author = {Weyl, Estelle and Lazaris, Louis and Goldstein, Alexis},
isbn = {978-0980846904},
keywords = {literatuurstudie},
mendeley-tags = {literatuurstudie},
publisher = {SitePoint},
title = {{HTML5 \& CSS3 For The Real World}},
year = {2011}
}
@misc{Android2012,
author = {Android},
keywords = {literatuurstudie},
mendeley-tags = {literatuurstudie},
title = {{Platform Versions}},
url = {http://developer.android.com/about/dashboards/index.html},
urldate = {28/02/2013},
year = {2012}
}
@book{MacDonald2011,
author = {MacDonald, Matthew},
isbn = {978-1-4493-0239-9},
keywords = {literatuurstudie},
mendeley-tags = {literatuurstudie},
publisher = {O'Reilly Media, Inc.},
title = {{HTML5: The Missing Manual}},
year = {2011}
}
@misc{KnockOut2013,
author = {KnockOut},
title = {{KnockOut}},
url = {http://knockoutjs.com/},
urldate = {19/05/2013},
year = {2013}
}
@misc{Microsoft2013a,
author = {Microsoft},
title = {{App certification requirements for Windows Phone}},
url = {http://msdn.microsoft.com/en-us/library/windowsphone/develop/hh184843(v=vs.105).aspx},
urldate = {16/05/2013},
year = {2013}
}
@misc{Zepto2013,
author = {Zepto},
title = {{Zepto}},
url = {http://www.zeptojs.com/},
urldate = {15/04/2013},
year = {2013}
}
@misc{Wolfermann2012,
author = {Wolfermann, Sven},
title = {{The Responsive Webdesign Process}},
url = {http://maddesigns.de/rwd-process/},
urldate = {30/01/2013},
year = {2012}
}
