@misc{Apple2012,
author = {Apple},
title = {{Know iOS Resource Limits}},
howpublished = {\url{http://developer.apple.com/library/safari/\#documentation/AppleApplications/Reference/SafariWebContent/CreatingContentforSafarioniPhone/CreatingContentforSafarioniPhone.html\#//apple\_ref/doc/uid/TP40006482-SW15}},
note = "[Online; geraadpleegd op 26/02/2013]"
year = {2012}
}
@misc{Berjon2012,
author = {Berjon, Robin and Leithead, Travis and Navara, Erika Doyle and O'Connor, Edward and Pfeiffer, Silvia},
title = {{HTML 5.1: Forms}},
howpublished = {\url{http://www.w3.org/html/wg/drafts/html/FPWD51/forms.html\#forms}},
note = "[Online; geraadpleegd op 25/02/2013]"
year = {2012}
}
@misc{Bradley2013,
author = {Bradley, Thomas},
title = {{Signature Pad}},
howpublished = {\url{http://thomasjbradley.ca/lab/signature-pad/}},
note = "[Online; geraadpleegd op 22/02/2013]"
year = {2013}
}
@misc{Deering2012,
author = {Deering, Sam},
title = {{12+ jQuery Mobile Layout Plugins and Examples}},
howpublished = {\url{http://www.jquery4u.com/page-layout/12-jquery-mobile-layout-plugins-examples/}},
note = "[Online; geraadpleegd op 22/02/2013]"
year = {2012}
}
@misc{Deveria2013,
author = {Deveria, Alexis},
title = {{Can I use form validation}},
howpublished = {\url{http://caniuse.com/\#feat=form-validation}},
note = "[Online; geraadpleegd op 22/03/2013]"
year = {2013}
}
@misc{Deveria2013b,
author = {Deveria, Alexis},
title = {{Can I use date/time input types}},
howpublished = {\url{http://caniuse.com/\#feat=input-datetime}},
note = "[Online; geraadpleegd op 23/02/2013]"
year = {2013}
}
@misc{Deveria2013a,
author = {Deveria, Alexis},
title = {{Can I use FileReader API}},
howpublished = {\url{http://caniuse.com/\#feat=filereader}},
note = "[Online; geraadpleegd op 22/02/2013]"
year = {2013}
}
@misc{Franck2012,
author = {Franck, Sven},
title = {{jQuery Mobile Multiview Plugin}},
howpublished = {\url{https://github.com/frequent/multiview/}},
note = "[Online; geraadpleegd op 22/02/2013]"
year = {2012}
}
@misc{Gonzalez2012,
author = {Gonz\'{a}lez, Scott},
title = {{Web Storage Support Test}},
howpublished = {\url{http://dev-test.nemikor.com/web-storage/support-test/}},
note = "[Online; geraadpleegd op 26/02/2013]"
year = {2012}
}
@article{Hadlock2012,
author = {Hadlock, Kris},
file = {::},
pages = {1--10},
title = {{Implement responsive design with jQuery Mobile and CSS3}},
year = {2012}
}
@misc{JQuery2013e,
author = {JQuery},
title = {{Going Responsive}},
howpublished = {\url{http://view.jquerymobile.com/1.3.0/docs/intro/rwd.php}},
note = "[Online; geraadpleegd op 25/02/2013]"
year = {2013}
}
@misc{JQuery2013c,
author = {JQuery},
title = {{Autocomplete}},
howpublished = {\url{http://view.jquerymobile.com/1.3.0/docs/widgets/autocomplete/}},
note = "[Online; geraadpleegd op 23/02/2013]"
year = {2013}
}
@misc{JQuery2013d,
author = {JQuery},
title = {{Form reference}},
howpublished = {\url{http://view.jquerymobile.com/1.3.0/docs/widgets/forms/}},
note = "[Online; geraadpleegd op 23/02/2013]"
year = {2013}
}
@misc{JQuery2013,
author = {JQuery},
title = {{jQuery Mobile Docs - Forms}},
howpublished = {\url{http://jquerymobile.com/demos/1.2.0/docs/forms/docs-forms.html}},
note = "[Online; geraadpleegd op 22/02/2013]"
year = {2013}
}
@misc{JQuery2013b,
author = {JQuery},
title = {{Header structure}},
howpublished = {\url{23/02/2013}},
note = "[Online; geraadpleegd op http://jquerymobile.com/demos/1.2.0/docs/toolbars/docs-headers.html]"
year = {2013}
}
@misc{Matthews2013,
author = {Matthews, Andy},
title = {{AutoComplete}},
howpublished = {\url{https://github.com/commadelimited/autoComplete.js}},
note = "[Online; geraadpleegd op 22/02/2013]"
year = {2013}
}
@misc{Mobiscroll2013,
author = {Mobiscroll},
title = {{Date \& Time Scroller}},
howpublished = {\url{http://mobiscroll.com/component/datetime}},
note = "[Online; geraadpleegd op 23/02/2013]"
year = {2013}
}
@misc{Rahman2013,
author = {Rahman, Asyraf Abdul},
title = {{jQuery Mobile Splitview plugin}},
howpublished = {\url{https://github.com/asyraf9/jquerymobile-splitview}},
note = "[Online; geraadpleegd op 22/02/2013]"
year = {2013}
}
@misc{Sage2013,
author = {Sage, J.T.},
title = {{jQuery Mobile DateBox}},
howpublished = {\url{https://github.com/jtsage/jquery-mobile-datebox}},
note = "[Online; geraadpleegd op 25/02/2013]"
year = {2013}
}
@misc{Systems2013,
author = {Systems, Willow},
title = {{jSignature}},
howpublished = {\url{http://willowsystems.github.com/jSignature}},
note = "[Online; geraadpleegd op 22/02/2013]"
year = {2013}
}
@misc{Yared2013,
author = {Yared, Peter and Raiser, Marc},
title = {{SimpleSplitView}},
howpublished = {\url{http://simplesplitview.sourceforge.net/}},
note = "[Online; geraadpleegd op 22/02/2013]"
year = {2013}
}
@misc{Zaefferer2013,
author = {Zaefferer, J\"{o}rn},
title = {{jQuery plugin: Validation}},
howpublished = {\url{http://bassistance.de/jquery-plugins/jquery-plugin-validation/}},
note = "[Online; geraadpleegd op 22/02/2013]"
year = {2013}
}
