@article{Accenture2012,
author = {Accenture},
file = {:Users/Tim/Library/Application Support/Mendeley Desktop/Downloaded/Accenture - 2012 - HTML5 The Path to Cross-Platform Mobile Development.pdf:pdf},
keywords = {literatuurstudie},
mendeley-tags = {literatuurstudie},
title = {{HTML5: The Path to Cross-Platform Mobile Development}},
year = {2012}
}
@misc{Android2012,
author = {Android},
keywords = {literatuurstudie},
mendeley-tags = {literatuurstudie},
title = {{Platform Versions}},
url = {http://developer.android.com/about/dashboards/index.html},
year = {2012}
}
@misc{Android2013,
author = {Android},
title = {{Platform Versions on February 4, 2013}},
url = {http://developer.android.com/about/dashboards/index.html},
urldate = {28/02/2013},
year = {2013}
}
@misc{Apple2010,
author = {Apple},
title = {{Apple Launches iPad}},
url = {http://www.apple.com/pr/library/2010/01/27Apple-Launches-iPad.html},
urldate = {27/02/2013},
year = {2010}
}
@misc{Apple2013,
author = {Apple},
title = {{Apple Updates iOS to 6.1}},
url = {http://www.apple.com/pr/library/2013/01/28Apple-Updates-iOS-to-6-1.html},
urldate = {28/02/2013},
year = {2013}
}
@misc{Aptana2012,
author = {Aptana},
keywords = {literatuurstudie},
mendeley-tags = {literatuurstudie},
title = {{Aptana Studio 3}},
url = {http://www.aptana.com},
year = {2012}
}
@misc{Bristowe,
author = {Bristowe, John},
keywords = {literatuurstudie},
mendeley-tags = {literatuurstudie},
title = {{jQuery UI vs Kendo UI}},
url = {www.jqueryuivskendoui.com},
urldate = {28/01/2013},
year = {2012}
}
@book{Broulik2012,
author = {Broulik, Brad},
isbn = {978-1-4302-3966-6},
keywords = {literatuurstudie},
mendeley-tags = {literatuurstudie},
publisher = {Apress},
title = {{Pro jQuery Mobile}},
year = {2012}
}
@book{David2011,
author = {David, Matthew},
isbn = {978-0-240-81813-9},
keywords = {literatuurstudie},
mendeley-tags = {literatuurstudie},
publisher = {Focal Press},
title = {{HTML5 Mobile Websites: Turbocharging HTML5 with jQuery Mobile, Sencha Touch, and Other Frameworks}},
year = {2011}
}
@book{Deitel2012,
author = {Deitel, Paul and Deitel, Harvey and Deitel, Abbey and Kern, Eric},
isbn = {978-0-13-276153-6},
keywords = {literatuurstudie},
mendeley-tags = {literatuurstudie},
publisher = {Prentice Hall},
title = {{iOS 6 for Programmers: An App-Driven Approach, Second Edition}},
year = {2012}
}
@misc{Dmethvin2012,
author = {Dmethvin},
keywords = {literatuurstudie},
mendeley-tags = {literatuurstudie},
title = {{jQuery Licensing Changes}},
url = {http://blog.jquery.com/2012/09/10/jquery-licensing-changes/},
year = {2012}
}
@misc{Eppstein2013a,
author = {Eppstein, Christopher M.},
keywords = {literatuurstudie},
mendeley-tags = {literatuurstudie},
title = {{Compass}},
url = {http://compass-style.org/},
urldate = {28/01/2013},
year = {2013}
}
@misc{Eppstein2013,
author = {Eppstein, Hampton Catlin \& Nathan Weizenbaum \& Chris},
keywords = {literatuurstudie},
mendeley-tags = {literatuurstudie},
title = {{SASS}},
url = {http://sass-lang.com/},
urldate = {28/01/2013},
year = {2013}
}
@misc{Falk2011,
author = {Falk, Markus},
keywords = {literatuurstudie},
mendeley-tags = {literatuurstudie},
title = {{Mobile Framework Comparison Chart}},
url = {http://www.markus-falk.com/mobile-frameworks-comparison-chart/},
urldate = {28/01/2013},
year = {2011}
}
@article{Few2005,
author = {Few, Stephen},
file = {::},
keywords = {Stephen Few, Perceptual Edge, data visualization, },
number = {May},
pages = {1--5},
title = {{Keep Radar Graphs Below the Radar - Far Below}},
year = {2005}
}
@misc{GCF2013,
author = {GCF},
title = {{What is a Mobile Device?}},
url = {http://www.gcflearnfree.org/computerbasics/9/print},
urldate = {27/02/2013},
year = {2013}
}
@misc{Gillett2012,
author = {Gillett, Frank},
title = {{Why Tablets Will Become Our Primary Computing Device}},
url = {http://blogs.forrester.com/frank\_gillett/12-04-23-why\_tablets\_will\_become\_our\_primary\_computing\_device},
urldate = {27/02/2013},
year = {2012}
}
@misc{GitHub2012,
author = {GitHub},
keywords = {literatuurstudie},
mendeley-tags = {literatuurstudie},
title = {{jQuery Mobile}},
url = {https://github.com/jquery/jquery-mobile},
year = {2012}
}
@book{Hales2012,
author = {Hales, Wesley},
isbn = {978-1-4493-2051-5},
keywords = {literatuurstudie},
mendeley-tags = {literatuurstudie},
publisher = {O'Reilly Media, Inc.},
title = {{HTML5 and JavaScript Web Apps}},
year = {2012}
}
@misc{Hegaret2004,
author = {H\'{e}garet, Philippe Le and Wood, Lauren and Robie, Jonathan},
keywords = {literatuurstudie},
mendeley-tags = {literatuurstudie},
title = {{What is the Document Object Model?}},
url = {http://www.w3.org/TR/DOM-Level-3-Core/introduction.html},
year = {2004}
}
@misc{Hens2012,
author = {Hens, Joris},
keywords = {literatuurstudie},
mendeley-tags = {literatuurstudie},
title = {{Progressive Enhancement versus Graceful Degradation}},
url = {http://www.goodbytes.be/blog/article/progressive-enhancement-versus-graceful-degradation},
year = {2012}
}
@misc{Jacobs2012,
author = {Jacobs, Ian},
title = {{HTML5 Definition Complete, W3C Moves to Interoperability Testing and Performance}},
url = {http://www.w3.org/2012/12/html5-cr},
urldate = {27/02/2013},
year = {2012}
}
@misc{JetBrains2012,
author = {JetBrains},
keywords = {literatuurstudie},
mendeley-tags = {literatuurstudie},
title = {{WebStorm}},
url = {http://www.jetbrains.com/webstorm/},
year = {2012}
}
@misc{Jobs2010,
author = {Jobs, Steve},
keywords = {literatuurstudie},
mendeley-tags = {literatuurstudie},
title = {{Thoughts on Flash}},
url = {http://www.apple.com/hotnews/thoughts-on-flash/},
urldate = {30/12/2012},
year = {2010}
}
@book{JohnEClark2012,
author = {{John E Clark}, Bryan P. Johnson},
file = {::},
isbn = {9781849515108},
keywords = {literatuurstudie},
mendeley-tags = {literatuurstudie},
pages = {316},
publisher = {Packt Publishing},
title = {{Sencha Touch Mobile JavaScript Framework}},
url = {http://tech.safaribooksonline.de/book/-/9781849515108},
year = {2012}
}
@misc{JQuery2012d,
author = {JQuery},
keywords = {literatuurstudie},
mendeley-tags = {literatuurstudie},
title = {{Mobile Graded Browser Support}},
url = {http://jquerymobile.com/gbs/},
year = {2012}
}
@misc{JQuery2012a,
author = {JQuery},
keywords = {literatuurstudie},
mendeley-tags = {literatuurstudie},
title = {{jQuery Mobile}},
url = {http://www.jquerymobile.com},
urldate = {22/02/2013},
year = {2012}
}
@misc{JQuery2012,
author = {JQuery},
keywords = {literatuurstudie},
mendeley-tags = {literatuurstudie},
title = {{jQuery Project}},
url = {http://www.jquery.org},
year = {2012}
}
@misc{JQuery2012b,
author = {JQuery},
keywords = {literatuurstudie},
mendeley-tags = {literatuurstudie},
title = {{jQuery Mobile: Demos and Documentation}},
url = {http://jquerymobile.com/demos/1.2.0/},
urldate = {22/02/2013},
year = {2012}
}
@misc{JQuery2012c,
author = {JQuery},
keywords = {literatuurstudie},
mendeley-tags = {literatuurstudie},
title = {{ThemeRoller for jQuery Mobile}},
url = {http://jquerymobile.com/themeroller/},
urldate = {22/02/2013},
year = {2012}
}
@misc{Kool2012,
author = {Kool, Martin},
keywords = {literatuurstudie},
mendeley-tags = {literatuurstudie},
title = {{Let’s Play With Hardware-Accelerated CSS}},
url = {http://mobile.smashingmagazine.com/2012/06/21/play-with-hardware-accelerated-css/},
year = {2012}
}
@misc{Lieberman2010,
author = {Lieberman, David},
keywords = {literatuurstudie},
mendeley-tags = {literatuurstudie},
title = {{Microsoft's Windows Phone 7 to replace Windows Mobile}},
url = {http://usatoday30.usatoday.com/tech/wireless/2010-10-11-windows-phone-7\_N.htm},
urldate = {30/12/2012},
year = {2010}
}
@book{MacDonald2011,
author = {MacDonald, Matthew},
isbn = {978-1-4493-0239-9},
keywords = {literatuurstudie},
mendeley-tags = {literatuurstudie},
publisher = {O'Reilly Media, Inc.},
title = {{HTML5: The Missing Manual}},
year = {2011}
}
@book{McFarland2011,
author = {McFarland, David Sawyer},
isbn = {978-1-4493-9902-3},
keywords = {literatuurstudie},
mendeley-tags = {literatuurstudie},
publisher = {O'Reilly Media, Inc.},
title = {{JavaScript \& jQuery: The Missing Manual, Second Edition}},
year = {2011}
}
@misc{Microsoft2000,
author = {Microsoft},
title = {{Tablet PC Brings the Simplicity of Pen and Paper to Computing}},
url = {http://www.microsoft.com/en-us/news/features/2000/nov00/11-13tabletpc.aspx},
urldate = {27/02/2013},
year = {2000}
}
@misc{Microsoft2011,
author = {Microsoft},
keywords = {literatuurstudie},
mendeley-tags = {literatuurstudie},
title = {{Nokia and Microsoft Announce Plans for a Broad Strategic Partnership to Build a New Global Mobile Ecosystem}},
url = {https://www.microsoft.com/en-us/news/press/2011/feb11/02-11partnership.aspx},
urldate = {30/12/2012},
year = {2011}
}
@misc{Modernizr2012,
author = {Modernizr},
keywords = {literatuurstudie},
mendeley-tags = {literatuurstudie},
title = {{Modernizr: the feature detection library for HTML5/CSS3}},
url = {http://www.modernizr.com},
year = {2012}
}
@misc{NetApplications2012,
author = {NetApplications},
keywords = {literatuurstudie},
mendeley-tags = {literatuurstudie},
title = {{Mobile/Tablet Browser Market Share}},
url = {http://www.netmarketshare.com/browser-market-share.aspx?qprid=0\&qpcustomd=1},
urldate = {28/02/2013},
year = {2013}
}
@book{Oeflman2011,
author = {Oehlman, Damon and Blanc, S\'{e}bastien},
keywords = {literatuurstudie},
mendeley-tags = {literatuurstudie},
publisher = {Apress},
title = {{Pro Android Web Apps: Develop for Android using HTML5, CSS3 \& JavaScript}},
year = {2011}
}
@misc{Panacoda2012,
author = {Panacoda},
keywords = {literatuurstudie},
mendeley-tags = {literatuurstudie},
title = {{The-M-Project}},
url = {http://www.the-m-project.org},
year = {2012}
}
@misc{Parker2012a,
author = {Parker, Todd},
keywords = {literatuurstudie},
mendeley-tags = {literatuurstudie},
title = {{jQuery Mobile Team Meeting December 20, 2012}},
url = {http://jquery.org/updates/2012/12/20/status-update-128/},
year = {2012}
}
@misc{Parker2013a,
author = {Parker, Todd},
title = {{jQuery Mobile 1.3.0 Released}},
url = {http://jquerymobile.com/blog/2013/02/20/jquery-mobile-1-3-0-released/},
urldate = {23/02/2013},
year = {2013}
}
@misc{Parker2011,
author = {Parker, Todd},
keywords = {literatuurstudie},
mendeley-tags = {literatuurstudie},
title = {{Announcing jQuery Mobile 1.0}},
url = {http://jquerymobile.com/blog/2011/11/16/announcing-jquery-mobile-1-0/},
year = {2011}
}
@misc{Parker2013,
author = {Parker, Todd},
title = {{jQuery Mobile Team Meeting February 14, 2013}},
url = {http://jquery.org/updates/2013/02/14/status-update-145/},
urldate = {18/02/2013},
year = {2013}
}
@misc{Parker2012,
author = {Parker, Todd},
keywords = {literatuurstudie},
mendeley-tags = {literatuurstudie},
title = {{Announcing jQuery Mobile 1.2.0 Final}},
url = {http://jquerymobile.com/blog/2012/10/02/announcing-jquery-mobile-1-2-0-final/},
year = {2012}
}
@techreport{Phifer2011,
author = {Phifer, Gene and Smith, David Mitchell},
institution = {Gartner},
keywords = {literatuurstudie},
mendeley-tags = {literatuurstudie},
title = {{The (Not So) Future Web}},
year = {2011}
}
@book{PhilDutson2012,
author = {{Phil Dutson}},
isbn = {9780132966245},
keywords = {literatuurstudie},
mendeley-tags = {literatuurstudie},
publisher = {Sams},
title = {{Sams Teach Yourself jQuery Mobile in 24 Hours}},
year = {2012}
}
@misc{Protalinski2012,
author = {Protalinski, Emil},
title = {{Android grabs 75.0\% market share in Q3, followed by 14.9\% for iOS and 4.3\% for BlackBerry}},
url = {http://thenextweb.com/mobile/2012/11/01/android-grabs-75-0-market-share-in-q3-followed-by-14-9-for-ios-and-4-3-for-blackberry/},
urldate = {28/02/2013},
year = {2012}
}
@misc{Reed2012,
author = {Reed, Brad},
keywords = {literatuurstudie},
mendeley-tags = {literatuurstudie},
title = {{Microsoft show off new key Windows Phone 8 features}},
url = {http://bgr.com/2012/10/29/microsoft-windows-phone-8-announcement/},
urldate = {30/12/2012},
year = {2012}
}
@misc{Resig2010,
author = {Resig, John},
keywords = {literatuurstudie},
mendeley-tags = {literatuurstudie},
title = {{Announcing the jQuery Mobile Project}},
url = {http://jquerymobile.com/blog/2010/08/11/announcing-the-jquery-mobile-project/},
year = {2010}
}
@misc{Sarrafi2012,
author = {Sarrafi, Ali},
keywords = {literatuurstudie},
mendeley-tags = {literatuurstudie},
title = {{Mobile JavaScript frameworks, Evaluation and Comparison}},
url = {http://www.codefessions.com/2012/04/mobile-javascript-frameworks-evaluation.html},
urldate = {28/01/2016},
year = {2012}
}
@misc{Satyesh2012,
author = {Satyesh},
keywords = {literatuurstudie},
mendeley-tags = {literatuurstudie},
title = {{Android Versions History}},
url = {http://androidtrickz.com/android-tips/android-versions-history/489/},
urldate = {30/12/2012},
year = {2012}
}
@misc{Sawers2012,
author = {Sawers, Paul},
keywords = {literatuurstudie},
mendeley-tags = {literatuurstudie},
title = {{Google announces Android 4.2, a “new flavor of Jelly Bean” with gesture typing and slick photo sphere camera}},
url = {http://thenextweb.com/google/2012/10/29/google-announces-android-4-2-for-nexus-a-new-flavor-of-jelly-bean-with-gesture-typing-multiple-users/},
urldate = {30/12/2012},
year = {2012}
}
@misc{Seitz2010,
author = {Seitz, Brian},
keywords = {literatuurstudie},
mendeley-tags = {literatuurstudie},
title = {{Windows Phone 7 Global Portfolio Unveiled in New York}},
url = {http://blogs.windows.com/windows\_phone/b/windowsphone/archive/2010/10/11/windows-phone-7-global-portfolio-unveiled-in-new-york.aspx},
urldate = {30/12/2012},
year = {2010}
}
@misc{SenchaInc.,
author = {{Sencha Inc.}},
keywords = {artikel},
mendeley-tags = {artikel},
title = {{Sencha Touch Licenses}},
url = {http://www.sencha.com/products/touch/license/},
urldate = {18/02/2013}
}
@misc{SenchaInc.2013,
author = {{Sencha Inc.}},
keywords = {literatuurstudie},
mendeley-tags = {literatuurstudie},
title = {{What's New in Sencha Touch 2.0}},
url = {http://docs.sencha.com/touch/2-0/\#!/guide/whats\_new},
urldate = {28/01/2013},
year = {2013}
}
@misc{Inc.,
author = {{Sencha Inc.}},
keywords = {literatuurstudie},
mendeley-tags = {literatuurstudie},
title = {{Sencha}},
url = {http://www.sencha.com/},
urldate = {28/01/2013},
year = {2013}
}
@misc{Inc.2013,
author = {{Sencha Inc.}},
keywords = {literatuurstudie},
mendeley-tags = {literatuurstudie},
title = {{Sencha Touch Kitchen Sink}},
url = {http://dev.sencha.com/deploy/touch/examples/production/kitchensink/},
year = {2013}
}
@misc{Inc.2013a,
author = {{Sencha Inc.}},
keywords = {literatuurstudie},
mendeley-tags = {literatuurstudie},
title = {{Sencha Touch Documentatie}},
url = {http://docs.sencha.com/touch/2-1/},
urldate = {28/01/2013},
year = {2013}
}
@misc{Sights2012,
author = {Sights},
keywords = {literatuurstudie},
mendeley-tags = {literatuurstudie},
title = {{The HTML5 test}},
url = {http://html5test.com/results/mobile.html},
urldate = {30/12/2012},
year = {2012}
}
@misc{Sperry2012,
author = {Sperry, Ben and Lynch, Max},
keywords = {literatuurstudie},
mendeley-tags = {literatuurstudie},
title = {{Codiqa}},
url = {https://www.codiqa.com},
year = {2012}
}
@techreport{Standard2010,
author = {Standard, International},
file = {::},
pages = {44},
title = {{ISO/IEC 25010}},
volume = {2010},
year = {2010}
}
@misc{Sylvain2013,
author = {Sylvain},
title = {{iOS Version Statistics – February 14th 2013}},
url = {http://www.14oranges.com/2013/02/ios-version-statistics-–-february-14th-2013/},
urldate = {28/02/2013},
year = {2013}
}
@misc{Sylvain2012,
author = {Sylvain},
keywords = {literatuurstudie},
mendeley-tags = {literatuurstudie},
title = {{iOS Version Statistics – November 14th 2012}},
url = {http://www.14oranges.com/2012/11/ios-version-statistics-\%E2\%80\%93-novembe-14th-2012/},
year = {2012}
}
@misc{Twitter2012,
author = {Twitter},
keywords = {literatuurstudie},
mendeley-tags = {literatuurstudie},
title = {{jQuery Mobile}},
url = {https://twitter.com/jquerymobile},
year = {2012}
}
@misc{W3C2012,
author = {W3C},
keywords = {literatuurstudie},
mendeley-tags = {literatuurstudie},
title = {{HTML5 Logo}},
url = {http://www.w3.org/html/logo/},
year = {2012}
}
@book{Weyl2011,
author = {Weyl, Estelle and Lazaris, Louis and Goldstein, Alexis},
isbn = {978-0980846904},
keywords = {literatuurstudie},
mendeley-tags = {literatuurstudie},
publisher = {SitePoint},
title = {{HTML5 \& CSS3 For The Real World}},
year = {2011}
}
@misc{Wikipedia,
author = {Wikipedia},
keywords = {literatuurstudie},
mendeley-tags = {literatuurstudie},
title = {{Comparison of JavaScript frameworks}},
url = {http://en.wikipedia.org/wiki/Comparison\_of\_JavaScript\_frameworks},
urldate = {28/01/2013}
}
@misc{Wokke2013,
author = {Wokke, Arnoud},
booktitle = {Tweakers.net B.V.},
keywords = {artikel},
mendeley-tags = {artikel},
title = {{Opera wordt Chromium-browser met Webkit-engine}},
url = {http://tweakers.net/nieuws/87255/opera-wordt-chromium-browser-met-webkit-engine.html},
urldate = {18/02/2013},
year = {2013}
}
@misc{Wolfermann2012,
author = {Wolfermann, Sven},
title = {{The Responsive Webdesign Process}},
url = {http://maddesigns.de/rwd-process/},
urldate = {30/01/2013},
year = {2012}
}
@misc{Yang2012,
author = {Yang, Jun},
keywords = {literatuurstudie},
mendeley-tags = {literatuurstudie},
title = {{Smartphones in Use Surpass 1 Billion, Will Double by 2015}},
url = {http://www.bloomberg.com/news/2012-10-17/smartphones-in-use-surpass-1-billion-will-double-by-2015.html},
urldate = {01/02/2013},
year = {2012}
}
