@book{Bhandari2013,
author = {Bhandari, Nishanth Nair; Ragini Kumbhat},
isbn = {978-1-78216-092-2},
pages = {300},
publisher = {Packt Publishing},
title = {{Building Mobile Applications with Kendo UI Mobile}},
url = {http://tech.safaribooksonline.de/book/-/9781782160922},
year = {2013}
}
@misc{Telerikd,
author = {Telerik},
keywords = {raamwerken},
title = {{Kendo UI Documentatie}},
url = {http://docs.kendoui.com/},
urldate = {12/04/2013},
year = {2013}
}
@misc{Telerikb,
author = {Telerik},
title = {{Kendo UI Mobile Theme Builder}},
url = {http://demos.kendoui.com/mobilethemebuilder/index.html}
}
@misc{Telerikc,
author = {Telerik},
title = {{Kendo UI Web Theme Builder}},
url = {http://demos.kendoui.com/themebuilder/web.html}
}
@misc{Telerika,
author = {Telerik},
title = {{Kendo UI Dojo}},
url = {http://try.kendoui.com/}
}
@misc{Telerike,
author = {Telerik},
keywords = {raamwerken},
title = {{Kendo UI Website}},
url = {http://www.kendoui.com},
urldate = {13/04/2013},
year = {2013}
}
