@misc{Telerikb,
author = {Telerik},
title = {{Kendo UI Mobile Theme Builder}},
howpublished = {\url{http://demos.kendoui.com/mobilethemebuilder/index.htm}},
}
@misc{Telerikc,
author = {Telerik},
title = {{Kendo UI Web Theme Builder}},
howpublished = {\url{http://demos.kendoui.com/themebuilder/web.htm}},
}
@misc{Telerika,
author = {Telerik},
title = {{Kendo UI Dojo}},
howpublished = {\url{http://try.kendoui.com}},
}
@misc{Telerike,
author = {Telerik},
keywords = {raamwerken},
title = {{Kendo UI Website}},
howpublished = {\url{http://www.kendoui.com}},
note = "[Online; accessed 13/04/2013]"
year = {2013}
}
@misc{Telerikd,
author = {Telerik},
keywords = {raamwerken},
title = {{Kendo UI Documentatie}},
howpublished = {\url{http://docs.kendoui.com/}},
note = "[Online; accessed 12/04/2013]"
year = {2013}
}
