@misc{Yeoman2013,
author = {Yeoman},
title = {{Yeoman}},
howpublished = {\url{http://yeoman.io/}},
note = "[Online; accessed 4/05/2013]"
year = {2013}
}
@misc{Scott2009,
author = {Scott},
title = {{jQuery Plugin for Requesting Ajax-like File Downloads}},
howpublished = {\url{http://www.filamentgroup.com/lab/jquery\_plugin\_for\_requesting\_ajax\_like\_file\_downloads/}},
note = "[Online; accessed 4/05/2013]"
year = {2009}
}
@misc{Ameye2013,
author = {Ameye, Tim},
title = {{QuoJS validation}},
howpublished = {\url{https://twitter.com/miteyema/status/326326949519712256}},
note = "[Online; accessed 4/05/2013]"
year = {2013}
}
@misc{TapQuo2013b,
author = {TapQuo},
title = {{Lungo thirdparties}},
howpublished = {\url{github.com/TapQuo/lungo.thirdparties}},
note = "[Online; accessed 4/05/2013]"
year = {2013}
}
@misc{Smirnov2012,
author = {Smirnov, Constantine V.},
keywords = {vergelijking},
publisher = {1.0.2},
title = {{File-uploading-component-for-Sencha-Touch}},
howpublished = {\url{https://github.com/kostysh/File-uploading-component-for-Sencha-Touch}},
year = {2012}
}
@book{Kosmaczewski2012,
author = {Kosmaczewski, Adrian},
file = {::},
keywords = {vergelijking},
pages = {231},
publisher = {Oâ€™Reilly Media},
title = {{Mobile JavaScript Application Development}},
year = {2012}
}
@misc{Mysamplecode2012,
author = {Mysamplecode},
keywords = {vergelijking},
publisher = {mysamplecode.com},
title = {{Sencha Touch 2 Autocomplete AJAX}},
howpublished = {\url{http://www.mysamplecode.com/2012/11/sencha-touch-2-autocomplete-ajax.html}},
year = {2012}
}
@misc{SimFla2011,
author = {SimFla},
keywords = {vergelijking},
title = {{SimFla-signaturePad}},
howpublished = {\url{https://github.com/SimFla/SimFla-signaturePad}},
year = {2011}
}
@misc{Fiedler2012,
author = {Fiedler, Andr\'{e}},
keywords = {vergelijking},
title = {{Ext.ux.panel.PDF}},
howpublished = {\url{https://github.com/SunboX/st2\_pdf\_panel}},
year = {2012}
}
@misc{Google2012,
author = {Google},
keywords = {vergelijking},
publisher = {Google},
title = {{Google Page Speed}},
howpublished = {\url{https://developers.google.com/speed/pagespeed?hl=nl}},
year = {2012}
}
@misc{Bristowe2012,
author = {Bristowe, John},
keywords = {vergelijking},
title = {{jQuery UI vs Kendo UI}},
howpublished = {\url{http://jqueryuivskendoui.com/}},
note = "[Online; accessed 19/02/2013]"
year = {2012}
}
@misc{Rozynski2011,
author = {Rozynski, Craig},
booktitle = {Dinosaurs with Laserz},
keywords = {vergelijking},
title = {{Mobile framework SMACKDOWN!}},
howpublished = {\url{http://dinosaurswithlaserz.com/2011/03/28/mobile-framework-throwdown/}},
note = "[Online; accessed 28/02/2013]"
year = {2011}
}
@misc{Ayuso2012,
author = {Ayuso, Alejandro},
booktitle = {Monocaffe},
keywords = {vergelijking},
title = {{Mobile Frameworks Comparison}},
howpublished = {\url{http://monocaffe.blogspot.be/2012/06/mobile-frameworks-comparison.html}},
note = "[Online; accessed 19/02/2013]"
year = {2012}
}
@misc{Sarrafi2012a,
annote = {Online; accessed 19-July-2008},
author = {Sarrafi, Ali},
booktitle = {Codefessions},
keywords = {vergelijking},
title = {{Mobile JavaScript frameworks, Evaluation and Comparison}},
howpublished = {\url{http://www.codefessions.com/2012/04/mobile-javascript-frameworks-evaluation.html}},
note = "[Online; accessed 19/02/2013]"
year = {2012}
}
@misc{Morgan2011,
author = {Morgan, Jeffrey},
keywords = {vergelijking},
title = {{How to Measure Website Performance with Three Free Tools}},
howpublished = {\url{http://usabilityetc.com/2011/08/measure-website-performance-with-free-tools/}},
note = "[Online; accessed 19/02/2013]"
year = {2011}
}
@misc{Burris,
author = {Burris, Chip},
keywords = {vergelijking},
mendeley-tags = {vergelijking},
title = {{Sencha Touch vs. JQuery Mobile Cage-Fight REMATCH !}},
howpublished = {\url{http://stvjqm.mobivant.com/presentations/svj/}},
note = "[Online; accessed 19/02/2013]"
year = {2012}
}
@article{Few2005,
author = {Few, Stephen},
file = {::},
keywords = {Stephen Few, Perceptual Edge, data visualization, },
number = {May},
pages = {1--5},
title = {{Keep Radar Graphs Below the Radar - Far Below}},
year = {2005}
}
@misc{Falk2011,
author = {Falk, Markus},
keywords = {literatuurstudie},
mendeley-tags = {literatuurstudie},
title = {{Mobile Framework Comparison Chart}},
howpublished = {\url{http://www.markus-falk.com/mobile-frameworks-comparison-chart/}},
note = "[Online; accessed 28/01/2013]"
year = {2011}
}
@misc{Lennon2010,
author = {Lennon, Joe},
file = {:Users/Tim/Library/Application Support/Mendeley Desktop/Downloaded/Lennon - 2010 - Compare JavaScript frameworks. An overview of the frameworks that greatly enhance JavaScript.pdf:pdf},
title = {{Compare JavaScript frameworks. An overview of the frameworks that greatly enhance JavaScript}},
howpublished = {\url{http://public.dhe.ibm.com/software/dw/web/wa-jsframeworks/wa-jsframeworks-pdf.pdf}},
note = "[Online; accessed 06/01/2013]"
year = {2010}
}
