@misc{Bristowe2012,
author = {Bristowe, John},
keywords = {vergelijking},
title = {{jQuery UI vs Kendo UI}},
url = {http://jqueryuivskendoui.com/},
urldate = {19/02/2013},
year = {2012}
}
@misc{Burris,
author = {Burris, Chip},
keywords = {vergelijking},
mendeley-tags = {vergelijking},
title = {{Sencha Touch vs. JQuery Mobile Cage-Fight REMATCH !}},
url = {http://stvjqm.mobivant.com/presentations/svj/},
urldate = {19/02/2013}
}
@misc{Fiedler2012,
author = {Fiedler, Andr\'{e}},
keywords = {vergelijking},
title = {{Ext.ux.panel.PDF}},
url = {https://github.com/SunboX/st2\_pdf\_panel},
year = {2012}
}
@misc{Google2012,
author = {Google},
keywords = {vergelijking},
publisher = {Google},
title = {{Google Page Speed}},
url = {https://developers.google.com/speed/pagespeed?hl=nl},
year = {2012}
}
@misc{Lennon2010,
author = {Lennon, Joe},
file = {:Users/Tim/Library/Application Support/Mendeley Desktop/Downloaded/Lennon - 2010 - Compare JavaScript frameworks. An overview of the frameworks that greatly enhance JavaScript.pdf:pdf},
title = {{Compare JavaScript frameworks. An overview of the frameworks that greatly enhance JavaScript}},
url = {http://public.dhe.ibm.com/software/dw/web/wa-jsframeworks/wa-jsframeworks-pdf.pdf},
urldate = {06/01/2013},
year = {2010}
}
@misc{Morgan2011,
author = {Morgan, Jeffrey},
keywords = {vergelijking},
title = {{How to Measure Website Performance with Three Free Tools}},
url = {http://usabilityetc.com/2011/08/measure-website-performance-with-free-tools/},
urldate = {19/02/2013},
year = {2011}
}
@misc{Mysamplecode2012,
author = {Mysamplecode},
keywords = {vergelijking},
publisher = {mysamplecode.com},
title = {{Sencha Touch 2 Autocomplete AJAX}},
url = {http://www.mysamplecode.com/2012/11/sencha-touch-2-autocomplete-ajax.html},
year = {2012}
}
@misc{Rozynski2011,
author = {Rozynski, Craig},
booktitle = {Dinosaurs with Laserz},
keywords = {vergelijking},
title = {{Mobile framework SMACKDOWN!}},
url = {http://dinosaurswithlaserz.com/2011/03/28/mobile-framework-throwdown/},
year = {2011}
}
@misc{Sarrafi2012a,
author = {Sarrafi, Ali},
booktitle = {Codefessions},
keywords = {vergelijking},
title = {{Mobile JavaScript frameworks, Evaluation and Comparison}},
url = {http://www.codefessions.com/2012/04/mobile-javascript-frameworks-evaluation.html},
urldate = {19/02/2013},
year = {2012}
}
@misc{SimFla2011,
author = {SimFla},
keywords = {vergelijking},
title = {{SimFla-signaturePad}},
url = {https://github.com/SimFla/SimFla-signaturePad},
year = {2011}
}
@misc{Falk2011,
author = {Falk, Markus},
keywords = {literatuurstudie},
mendeley-tags = {literatuurstudie},
title = {{Mobile Framework Comparison Chart}},
url = {http://www.markus-falk.com/mobile-frameworks-comparison-chart/},
urldate = {28/01/2013},
year = {2011}
}
@misc{Ayuso2012,
author = {Ayuso, Alejandro},
booktitle = {Monocaffe},
keywords = {vergelijking},
title = {{Mobile Frameworks Comparison}},
url = {http://monocaffe.blogspot.be/2012/06/mobile-frameworks-comparison.html},
urldate = {19/02/2013},
year = {2012}
}
@article{Few2005,
author = {Few, Stephen},
file = {::},
keywords = {Stephen Few, Perceptual Edge, data visualization, },
number = {May},
pages = {1--5},
title = {{Keep Radar Graphs Below the Radar - Far Below}},
year = {2005}
}
